@article{DBLP:journals/corr/WangGLM17,
  author    = {Sida I. Wang and
               Samuel Ginn and
               Percy Liang and
               Christopher D. Manning},
  title     = {Naturalizing a Programming Language via Interactive Learning},
  journal   = {CoRR},
  volume    = {abs/1704.06956},
  year      = {2017},
  url       = {http://arxiv.org/abs/1704.06956},
  timestamp = {Wed, 07 Jun 2017 14:40:22 +0200},
  biburl    = {http://dblp.uni-trier.de/rec/bib/journals/corr/WangGLM17},
  bibsource = {dblp computer science bibliography, http://dblp.org}
}

@article{DBLP:journals/corr/abs-1301-3781,
  author    = {Tomas Mikolov and
               Kai Chen and
               Greg Corrado and
               Jeffrey Dean},
  title     = {Efficient Estimation of Word Representations in Vector Space},
  journal   = {CoRR},
  volume    = {abs/1301.3781},
  year      = {2013},
  url       = {http://arxiv.org/abs/1301.3781},
  timestamp = {Wed, 07 Jun 2017 14:42:25 +0200},
  biburl    = {http://dblp.uni-trier.de/rec/bib/journals/corr/abs-1301-3781},
  bibsource = {dblp computer science bibliography, http://dblp.org}
}

